<record><leader>00000cas a22000007a 4500</leader><controlfield tag="001">33136970</controlfield><controlfield tag="008">950914d19101913akuwr ne      0    0eng d</controlfield><datafield ind1=" " ind2=" " tag="010"><subfield code="a">sn 95060050 </subfield></datafield><datafield ind1=" " ind2=" " tag="040"><subfield code="a">ANE</subfield><subfield code="b">eng</subfield><subfield code="c">ANE</subfield><subfield code="d">OCLCQ</subfield><subfield code="d">OCLCF</subfield><subfield code="d">OCLCO</subfield></datafield><datafield ind1="1" ind2=" " tag="029"><subfield code="a">AU@</subfield><subfield code="b">000025854262</subfield></datafield><datafield ind1=" " ind2=" " tag="042"><subfield code="a">msc</subfield></datafield><datafield ind1=" " ind2=" " tag="043"><subfield code="a">n-us-ak</subfield></datafield><datafield ind1="0" ind2=" " tag="130"><subfield code="a">Yukon Valley news (Tanana, Alaska : 1910)</subfield></datafield><datafield ind1="1" ind2="0" tag="245"><subfield code="a">Yukon Valley news.</subfield></datafield><datafield ind1=" " ind2=" " tag="260"><subfield code="a">Tanana, Alaska :</subfield><subfield code="b">A.G. Stamm,</subfield><subfield code="c">1910-</subfield></datafield><datafield ind1=" " ind2=" " tag="300"><subfield code="a">v.</subfield></datafield><datafield ind1=" " ind2=" " tag="310"><subfield code="a">Weekly</subfield></datafield><datafield ind1="0" ind2=" " tag="362"><subfield code="a">New ser. v. 1, no. 1 (Sept. 22, 1910)-</subfield></datafield><datafield ind1="1" ind2=" " tag="362"><subfield code="a">Ceased Jan. 17, 1913?</subfield></datafield><datafield ind1=" " ind2=" " tag="515"><subfield code="a">News series designation dropped with v. 1, no. 48, (Oct. 28, 1911).</subfield></datafield><datafield ind1=" " ind2=" " tag="515"><subfield code="a">Suspended July-Sept. 1911.</subfield></datafield><datafield ind1=" " ind2=" " tag="515"><subfield code="a">Issue for Jan. 11, 1913 incorrectly called Jan. 11, 1912.</subfield></datafield><datafield ind1=" " ind2=" " tag="515"><subfield code="a">Vol. numbering irregular.</subfield></datafield><datafield ind1=" " ind2="0" tag="651"><subfield code="a">Tanana (Alaska)</subfield><subfield code="v">Newspapers.</subfield></datafield><datafield ind1=" " ind2="7" tag="655"><subfield code="a">Newspapers.</subfield><subfield code="2">fast</subfield><subfield code="0">(OCoLC)fst01423814</subfield></datafield><datafield ind1=" " ind2="7" tag="651"><subfield code="a">Alaska</subfield><subfield code="z">Tanana.</subfield><subfield code="2">fast</subfield><subfield code="0">(OCoLC)fst01220261</subfield></datafield><datafield ind1=" " ind2=" " tag="752"><subfield code="a">United States</subfield><subfield code="b">Alaska</subfield><subfield code="d">Tanana.</subfield></datafield><datafield ind1="0" ind2="0" tag="780"><subfield code="t">Tanana leader</subfield><subfield code="w">(DLC)sn 95060049</subfield><subfield code="w">(OCoLC)33136612</subfield></datafield></record>